\bibliographystyle{style}
\bibliography{references}

@Manual{,
  title = {nflreadr: Download 'nflverse' Data},
  author = {Tan Ho and Sebastian Carl},
  year = {2023},
  note = {https://nflreadr.nflverse.com, https://github.com/nflverse/nflreadr},
}

@article{Kuzmits2008TheNC,
  title={The NFL Combine: Does It Predict Performance in the National Football League?},
  author={Frank E. Kuzmits and Arthur J. Adams},
  journal={Journal of Strength and Conditioning Research},
  year={2008},
  volume={22},
  pages={1721-1727}
}

@article{McGee2003TheNF,
title={The National Football League Combine: A Reliable Predictor of Draft Status?},
author={Kimberly J McGee and Lee N. Burkett},
journal={Journal of Strength and Conditioning Research},
year={2003},
volume={17},
pages={6â€“11}
}

@article{Parekh2017TheNC,
title={The NFL Combine as a Predictor of On-field Success},
author={Selene G. Parekh and Akul Patel},
journal={Foot & Ankle Orthopaedics},
year={2017},
volume={2}
}

@inproceedings{Park2016DoesTN,
title={Does the NFL Combine Really Matter},
author={Paul Sungbae Park},
year={2016}
}

@article{Robbins2010TheNF,
title={The National Football League (NFL) Combine: Does Normalized Data Better Predict Performance in the NFL Draft?},
author={Daniel W. Robbins},
journal={Journal of Strength and Conditioning Research},
year={2010},
volume={24},
pages={2888-2899}
}

@article{Sierer2008TheNF,
title={The National Football League Combine: Performance Differences Between Drafted and Nondrafted Players Entering the 2004 and 2005 Drafts},
author={S Patrick Sierer and Claudio Battaglini and Jason P. Mihalik and Edgar W. Shields and Nathan Tomasini},
journal={Journal of Strength and Conditioning Research},
year={2008},
volume={22},
pages={6-12}
}

